@book{pufe2017,
  author    = {Iris Pufé},
  title     = {Nachhaltigkeit},
  edition   = {3. Aufl.},
  year      = {2017},
  publisher = {UVK/Lucius},
  address   = {München},
  note      = {Online; accessed 07.01.2021},
  url       = {http://uvk-lucius.de/nachhaltigkeit/},
  keywords  = {frame1}
}
@misc{buetzler2020,
  author    = {Bützler, Sebastian and Steib, Heike},
  title     = {Milchsonderbeihilfe, Traktorendemo und Berichterstattung},
  year      = {2020},
  note      = {Online; accessed 07.01.2021},
  url       = {http://www.agrarheute.com/},
  howpublished = {\url{https://www.agrarheute.com/tier/rind/milchsonderbeihilfe-vorschuesse-fristende-ausgezahlt-532373};
                  \url{https://www.thueringer-allgemeine.de/leben/vermischtes/mehr-als-200-traktoren-in-bad-berka-erwartet-id225372509.html};
                  \url{https://www.thueringer-allgemeine.de/img/incoming/crop225372459/9882607816-w820-cv16_9-q85/Am-1.jpg}},
  keywords  = {frame2}
}
